02RETORNO01COBRANCA       00000000000004499946IGREJA TARBENACULO EVANGELICO 237BRADESCO       2103160160000000842                                                                                                                                                                                                                                                                          220316         000001
1020011323300010900000060087901120123                         000000000000001002010000000000000000000000000606210316          00000000000000100201000000000000000123407000887  000000000000000000000000000000000000000000000000000000000000000000000000000000000000000123400000000000000000000000000   220316             00000000000000                                                                  000002
1020011323300010900000060087901120123                         000000001350553018530000000000000000000000000606210316          00000000135055301853000000000000000500023700272  000000000000000000000000000000000000000000000000000000000000000000000000000000000000000500000000000000000000000000000   220316             00000000000000                                                                  000003
1020011323300010900000060087901120123                         000000001350643411590000000000000000000000000606210316          00000000135064341159000000000000000300003301206  000000000000000000000000000000000000000000000000000000000000000000000000000000000000000300000000000000000000000000000   220316             00000000000000                                                                  000004
1020011323300010900000060087901120123                         000000001350653502400000000000000000000000000606210316          00000000135065350240000000000000000500010403122  000000000000000000000000000000000000000000000000000000000000000000000000000000000000000500000000000000000000000000000   220316             00000000000000                                                                  000005
1020011323300010900000060087901120123                         000000001350653502590000000000000000000000000606210316          00000000135065350259000000000000000500010403122  000000000000000000000000000000000000000000000000000000000000000000000000000000000000000500000000000000000000000000000   220316             00000000000000                                                                  000006
1020011323300010900000060087901120123                         000000001350653502670000000000000000000000000606210316          00000000135065350267000000000000000500010403122  000000000000000000000000000000000000000000000000000000000000000000000000000000000000000500000000000000000000000000000   220316             00000000000000                                                                  000007
1020011323300010900000060087901120123                         000000001350653502750000000000000000000000000606210316          00000000135065350275000000000000000500010403122  000000000000000000000000000000000000000000000000000000000000000000000000000000000000000500000000000000000000000000000   220316             00000000000000                                                                  000008
1020011323300010900000060087901120123                         000000001351073847010000000000000000000000000606210316          00000000135107384701000000000000000300003300773  000000000000000000000000000000000000000000000000000000000000000000000000000000000000000300000000000000000000000000000   220316             00000000000000                                                                  000009
1020011323300010900000060087901120123                         000000001351174085280000000000000000000000000606210316          00000000135117408528000000000000000500023700148  000000000000000000000000000000000000000000000000000000000000000000000000000000000000000500000000000000000000000000000   220316             00000000000000                                                                  000010
1020011323300010900000060087901120123                         000000001351174126300000000000000000000000000606210316          00000000135117412630000000000000000300023702469  000000000000000000000000000000000000000000000000000000000000000000000000000000000000000300000000000000000000000000000   220316             00000000000000                                                                  000011
1020011323300010900000060087901120123                         000000001351564712370000000000000000000000000606210316          00000000135156471237000000000000000300023700134  000000000000000000000000000000000000000000000000000000000000000000000000000000000000000300000000000000000000000000000   220316             00000000000000                                                                  000012
1020011323300010900000060087901120123                         000000001351665031450000000000000000000000000606210316          00000000135166503145000000000000000300010400642  000000000000000000000000000000000000000000000000000000000000000000000000000000000000000300000000000000000000000000000   220316             00000000000000                                                                  000013
1020011323300010900000060087901120123                         000000001351665035870000000000000000000000000606210316          00000000135166503587000000000000000600007000252  000000000000000000000000000000000000000000000000000000000000000000000000000000000000000600000000000000000000000000000   220316             00000000000000                                                                  000014
1020011323300010900000060087901120123                         000000001351765657260000000000000000000000000606210316          00000000135176565726000000000000000300023703262  000000000000000000000000000000000000000000000000000000000000000000000000000000000000000300000000000000000000000000000   220316             00000000000000                                                                  000015
1020011323300010900000060087901120123                         000000001351765657340000000000000000000000000606210316          00000000135176565734000000000000000300023703262  000000000000000000000000000000000000000000000000000000000000000000000000000000000000000300000000000000000000000000000   220316             00000000000000                                                                  000016
1020011323300010900000060087901120123                         000000001351765693220000000000000000000000000606210316          00000000135176569322000000000000000300003302015  000000000000000000000000000000000000000000000000000000000000000000000000000000000000000300000000000000000000000000000   220316             00000000000000                                                                  000017
1020011323300010900000060087901120123                         000000001360196214060000000000000000000000000606210316          00000000136019621406000000000000000500000107801  000000000000000000000000000000000000000000000000000000000000000000000000000000000000000500000000000000000000000000000   220316             00000000000000                                                                  000018
9201237          000000170000000006623400000842          00000000000000000000000066234000170000000662340000000000000000000000000000000000000000000000000000000000000000000000000000000000000                                                                                                                                                                              00000000000000000000000         000019
